@book{stallings,
  title={Operating systems: internals and design principles},
  author={Stallings, William},
  year={2009},
  publisher={Upper Saddle River, NJ: Pearson/Prentice Hall,}
}

@book{silberschatz,
  title={Operating system principles},
  author={Silberschatz, Abraham and Galvin, Peter Baer and Gagne, Greg},
  year={2006},
  publisher={John Wiley \& Sons}
}

@book{tanenbaum,
  title={Modern operating systems},
  author={Tanenbaum, Andrew S and Bos, Herbert},
  year={2015},
  publisher={Pearson}
}

@article{tt,
  title={On average turnaround time},
  author={Lee, Edward T},
  journal={Kybernetes},
  year={1990},
  publisher={MCB UP Ltd}
}

