@Online {twitter,  title = {Huenry Hueffman auf Twitter: "I fucked up Git so bad it turned into Guitar Hero https://t.co/vUKZJAQKWg" / Twitter},  date = {2020-11-03},  file = {:./references/henryhoffman-status-694184106440200192.html:html},  url = {https://twitter.com/henryhoffman/status/694184106440200192},  urldate = {2020-11-03}}

@Online {dzone,  title = {Git Behind the Curtain: What Happens When You Commit, Branch, and Merge - DZone DevOps},  date = {2020-01-17},  file = {:./references/articles-git-behind-the-curtain-what-happens-when-you-commi.html:html},  url = {https://dzone.com/articles/git-behind-the-curtain-what-happens-when-you-commi},  urldate = {2020-11-03}}

@Online {wiki,  title = {Operating system - Wikipedia},  date = {2020-11-01},  file = {:./references/wiki-Operating_system.html:html},  url = {https://en.wikipedia.org/wiki/Operating_system},  urldate = {2020-11-03}}

@Online {mrupp,  title = {Matthias Rupp / Veranstaltung Betriebssysteme · GitLab},
author={Matthias Rupp}, date = {2020-11-03},  file = {:./references/matthias.rupp-betriebssysteme.html:html},  url = {https://gitlab.inf.uni-konstanz.de/matthias.rupp/betriebssysteme#Veranstaltung},  urldate = {2020-11-03}}

@book{tanenbaum2015modern,
  title={Modern operating systems},
  author={Tanenbaum, Andrew S and Bos, Herbert},
  year={2015},
  publisher={Pearson}
}

@article{intel,
  title={Intel 64 and IA-32 Architectures Software Developer’s Manual},
  author={Intel},
  volume={1,2,3,4},
  year={2020},
  publisher={Intel}
}

@Online {msi,  title = {Motherboard - The world leader in motherboard design | MSI Deutschland},  date = {2020-11-03},  file = {:./references/Motherboard-Z87-MPOWER-MAX.html:html},  url = {https://de.msi.com/Motherboard/Z87-MPOWER-MAX},  urldate = {2020-11-03}}

@Online {crate,  title = {Moore's Law and 10nm CPUs | GameCrate},  date = {2020-11-03},  file = {:./references/moores-law-and-10nm-cpus-10229.html:html},  url = {https://gamecrate.com/moores-law-and-10nm-cpus/10229},  urldate = {2020-11-03}}

@Online {store,  title = {8192 MB DDR4 RAM, Crucial | EDV-H\"ansel Shop},  date = {2020-11-03},  file = {:./references/neue-hard-software-zubehoer-hardware-arbeitsspeicher-1016-8192-mb-ddr4-ram-crucial.html:html},  url = {https://shop.edv-haensel.de/neue-hard-software-zubehoer/hardware/arbeitsspeicher/1016/8192-mb-ddr4-ram-crucial},  urldate = {2020-11-03}}

@book{stallings,
  title={Operating systems: internals and design principles},
  author={Stallings, William},
  year={2009},
  publisher={Upper Saddle River, NJ: Pearson/Prentice Hall,}
}

@Online {nvidia,  title = {Nvidia Turing GPU Architecture},  date = {2020-11-03}, publisher = {Nvidia}, url = {https://www.nvidia.com/content/dam/en-zz/Solutions/design-visualization/technologies/turing-architecture/NVIDIA-Turing-Architecture-Whitepaper.pdf},  urldate = {2020-11-03}}

@book{rubini2001linux,
  title={Linux device drivers},
  author={Rubini, Alessandro and Corbet, Jonathan},
  year={2001},
  publisher={" O'Reilly Media, Inc."}
}
