@book{stallings2009operating,
  title={Operating systems: internals and design principles},
  author={Stallings, William},
  year={2009},
  publisher={Upper Saddle River, NJ: Pearson/Prentice Hall,}
}

@book{silberschatz2006operating,
  title={Operating system principles},
  author={Silberschatz, Abraham and Galvin, Peter Baer and Gagne, Greg},
  year={2006},
  publisher={John Wiley \& Sons}
}

@book{rubini2001linux,
  title={Linux device drivers},
  author={Rubini, Alessandro and Corbet, Jonathan},
  year={2001},
  publisher={" O'Reilly Media, Inc."}
}

@Online {CS140OperatingSystems-2010-03-16,  
title = {Uni Stanford CS 140: Operating Systems}, 
author={David Mazieres},  
date = {2010-03-16},  
file = {:./references/10wi-cs140-.html:html},  
url = {https://www.scs.stanford.edu/10wi-cs140/},  
urldate = {2020-11-02}}

@book{tanenbaum2015modern,
  title={Modern operating systems},
  author={Tanenbaum, Andrew S and Bos, Herbert},
  year={2015},
  publisher={Pearson}
}

@article{guide2011intel,
  title={Intel 64 and IA-32 Architectures Software Developerâ€™s Manual},
  author={Intel},
  volume={1,2,3,4},
  year={2020},
  publisher={Intel}
}

@Online {WhatisthefunctionofDMAinacomputerQuora-2020-11-02,  
title = {What is the function of DMA in a computer? - Quora},  
author = {Luc Boulesteix},
date = {2020-11-02},  
file = {:./references/What-is-the-function-of-DMA-in-a-computer.html:html},  
url = {https://www.quora.com/What-is-the-function-of-DMA-in-a-computer},  
urldate = {2020-11-02}}

@Online {InteractivemapofLinuxkernel-2020-07-15,  
title = {Interactive map of Linux kernel},  
author={Constantine Shulyupin},
date = {2020-07-15},  
file = {:./references/kernel-map-.html:html},  
url = {https://makelinux.github.io/kernel/map/},  
urldate = {2020-11-02}}
