@book{stallings,
    title={Operating systems: internals and design principles},
    author={Stallings, William},
    year={2009},
    publisher={Upper Saddle River, NJ: Pearson/Prentice Hall,}
}

@book{silberschatz,
    title={Operating system principles},
    author={Silberschatz, Abraham and Galvin, Peter Baer and Gagne, Greg},
    year={2006},
    publisher={John Wiley \& Sons}
}

@book{tanenbaum,
    title={Modern operating systems},
    author={Tanenbaum, Andrew S and Bos, Herbert},
    year={2015},
    publisher={Pearson}
}

@book{kernighan2006c,
    title={The C programming language},
    author={Kernighan, Brian W and Ritchie, Dennis M},
    year={2006}
}

