@book{stallings,
  title={Operating systems: internals and design principles},
  author={Stallings, William},
  year={2009},
  publisher={Upper Saddle River, NJ: Pearson/Prentice Hall,}
}

@book{silberschatz,
  title={Operating system principles},
  author={Silberschatz, Abraham and Galvin, Peter Baer and Gagne, Greg},
  year={2006},
  publisher={John Wiley \& Sons}
}

@book{tanenbaum,
  title={Modern operating systems},
  author={Tanenbaum, Andrew S and Bos, Herbert},
  year={2015},
  publisher={Pearson}
}

@book{kernighan2006c,
  title={The C programming language},
  author={Kernighan, Brian W and Ritchie, Dennis M},
  year={2006}
}

@Online {blog,  title = {ELF Loaders, Libraries and Executables on Linux | by Daniel Trugman | Medium},  date = {2021-01-06},  author = {Daniel Trugman},  file = {:./references/@dtrugman-elf-loaders-libraries-and-executables-on-linux-e5cfce318f94.html:html},  url = {https://medium.com/@dtrugman/elf-loaders-libraries-and-executables-on-linux-e5cfce318f94},  urldate = {2021-01-06}}

@Online {dlink,  title = {ld.so(8): dynamic linker/loader - Linux man page},  date = {2021-01-06},  file = {:./references/man-8-ld.so.html:html},  url = {https://linux.die.net/man/8/ld.so},  urldate = {2021-01-06}}

@Online {statlink,  title = {ld(1): GNU linker - Linux man page},  date = {2021-01-06},  file = {:./references/man-1-ld.html:html},  url = {https://linux.die.net/man/1/ld},  urldate = {2021-01-06}}

@Online {lwn-how-progs-run,  title = {How programs get run [LWN.net]},  date = {2019-11-25},  file = {:./references/Articles-630727-.html:html},  url = {https://lwn.net/Articles/630727/},  urldate = {2021-01-06}}

@Online {elf-bin,  title = {How programs get run: ELF binaries [LWN.net]},  date = {2018-09-08},  file = {:./references/Articles-631631-.html:html},  url = {https://lwn.net/Articles/631631/},  urldate = {2021-01-06}}

@Online {minimal-elf,  title = {A Whirlwind Tutorial on Creating Really Teensy ELF Executables for Linux},  date = {2020-11-30},  file = {:./references/~breadbox-software-tiny-teensy.html.html:html},  url = {http://www.muppetlabs.com/~breadbox/software/tiny/teensy.html},  urldate = {2021-01-06}}

@Online {github-linux,  title = {linux/binfmt\_elf.c at fcadab740480e0e0e9fa9bd272acd409884d431a · torvalds/linux · GitHub},  date = {2021-01-06},  file = {:./references/torvalds-linux-blob-fcadab740480e0e0e9fa9bd272acd409884d431a-fs-binfmt_elf.c.html:html},  url = {https://github.com/torvalds/linux/blob/fcadab740480e0e0e9fa9bd272acd409884d431a/fs/binfmt_elf.c},  urldate = {2021-01-06}}

@Online {man-elf,  title = {elf(5) - Linux manual page},  date = {2020-12-21},  file = {:./references/linux-man-pages-man5-elf.5.html.html:html},  url = {https://man7.org/linux/man-pages/man5/elf.5.html},  urldate = {2021-01-06}}

@Online {LF-specs,  title = {Linux Foundation Referenced Specifications},  date = {2021-01-06},  file = {:./references/.html:html},  url = {https://refspecs.linuxfoundation.org/},  urldate = {2021-01-06}}
